@article{smith1986representation,
  title={On the representation and estimation of spatial uncertainty},
  author={Smith, Randall C and Cheeseman, Peter},
  journal={The international journal of Robotics Research},
  volume={5},
  number={4},
  pages={56--68},
  year={1986},
  publisher={Sage Publications}
}

@article{dellaert2006square,
  title={Square Root SAM: Simultaneous localization and mapping via square root information smoothing},
  author={Dellaert, Frank and Kaess, Michael},
  journal={The International Journal of Robotics Research},
  volume={25},
  number={12},
  pages={1181--1203},
  year={2006},
  publisher={SAGE Publications}
}

@article{folkesson2007m,
  title={The m-space feature representation for slam},
  author={Folkesson, John and Jensfelt, Patric and Christensen, Henrik I},
  journal={Robotics, IEEE Transactions on},
  volume={23},
  number={5},
  pages={1024--1035},
  year={2007},
  publisher={IEEE}
}

@article{kuipers2000spatial,
  title={The spatial semantic hierarchy},
  author={Kuipers, Benjamin},
  journal={Artificial intelligence},
  volume={119},
  number={1},
  pages={191--233},
  year={2000},
  publisher={Elsevier}
}

@inproceedings{mozos2005supervised,
  title={Supervised learning of places from range data using adaboost},
  author={Mozos, Oscar Martinez and Stachniss, Cyrill and Burgard, Wolfram},
  booktitle={Robotics and Automation, 2005. ICRA 2005. Proceedings of the 2005 IEEE International Conference on},
  pages={1730--1735},
  year={2005},
  organization={IEEE}
}

@article{ekvall2007object,
  title={Object detection and mapping for service robot tasks},
  author={Ekvall, Staffan and Kragic, Danica and Jensfelt, Patric},
  journal={Robotica},
  volume={25},
  number={02},
  pages={175--187},
  year={2007},
  publisher={Cambridge Univ Press}
}

@article{nuchter2008towards,
  title={Towards semantic maps for mobile robots},
  author={N{\"u}chter, Andreas and Hertzberg, Joachim},
  journal={Robotics and Autonomous Systems},
  volume={56},
  number={11},
  pages={915--926},
  year={2008},
  publisher={Elsevier}
}

@inproceedings{aydemir2011search,
  title={Search in the real world: Active visual object search based on spatial relations},
  author={Aydemir, Alper and Sj{\"o}{\"o}, Kristoffer and Folkesson, John and Pronobis, Andrzej and Jensfelt, Patric},
  booktitle={Robotics and Automation (ICRA), 2011 IEEE International Conference on},
  pages={2818--2824},
  year={2011},
  organization={IEEE}
}

@inproceedings{topp2006topological,
  title={Topological modelling for human augmented mapping},
  author={Topp, Elin A and Christensen, Henrik I},
  booktitle={Intelligent Robots and Systems, 2006 IEEE/RSJ International Conference on},
  pages={2257--2263},
  year={2006},
  organization={IEEE}
}

@article{clark1991grounding,
  title={Grounding in communication},
  author={Clark, Herbert H and Brennan, Susan E},
  journal={Perspectives on socially shared cognition},
  volume={13},
  number={1991},
  pages={127--149},
  year={1991}
}

@inproceedings{kruijff2006clarification,
  title={Clarification dialogues in human-augmented mapping},
  author={Kruijff, Geert-Jan M and Zender, Hendrik and Jensfelt, Patric and Christensen, Henrik I},
  booktitle={Proceedings of the 1st ACM SIGCHI/SIGART conference on Human-robot interaction},
  pages={282--289},
  year={2006},
  organization={ACM}
}

@inproceedings{zender2007integrated,
  title={An integrated robotic system for spatial understanding and situated interaction in indoor environments},
  author={Zender, Hendrik and Jensfelt, Patric and Mozos, {\'O}scar Mart{\i}nez and Kruijff, Geert-Jan M and Burgard, Wolfram},
  booktitle={AAAI},
  volume={7},
  pages={1584--1589},
  year={2007}
}

@inproceedings{arras2007using,
  title={Using boosted features for the detection of people in 2d range data},
  author={Arras, Kai O and Mozos, {\'O}scar Mart{\'\i}nez and Burgard, Wolfram},
  booktitle={Robotics and Automation, 2007 IEEE International Conference on},
  pages={3402--3407},
  year={2007},
  organization={IEEE}
}

@inproceedings{schulz2001tracking,
  title={Tracking multiple moving targets with a mobile robot using particle filters and statistical data association},
  author={Schulz, Dirk and Burgard, Wolfram and Fox, Dieter and Cremers, Armin B},
  booktitle={Robotics and Automation, 2001. Proceedings 2001 ICRA. IEEE International Conference on},
  volume={2},
  pages={1665--1670},
  year={2001},
  organization={IEEE}
}

@inproceedings{topp2005tracking,
  title={Tracking for following and passing persons.},
  author={Topp, Elin Anna and Christensen, Henrik I},
  booktitle={IROS},
  pages={2321--2327},
  year={2005}
}

@article{bellotto2009multisensor,
  title={Multisensor-based human detection and tracking for mobile service robots},
  author={Bellotto, Nicola and Hu, Huosheng},
  journal={Systems, Man, and Cybernetics, Part B: Cybernetics, IEEE Transactions on},
  volume={39},
  number={1},
  pages={167--181},
  year={2009},
  publisher={IEEE}
}

@inproceedings{hato2010pointing,
  title={Pointing to space: modeling of deictic interaction referring to regions},
  author={Hato, Yasuhiko and Satake, Satoru and Kanda, Takayuki and Imai, Michita and Hagita, Norihiro},
  booktitle={Proceedings of the 5th ACM/IEEE international conference on Human-robot interaction},
  pages={301--308},
  year={2010},
  organization={IEEE Press}
}

@inproceedings{schmidt2008interacting,
  title={Interacting with a mobile robot: Evaluating gestural object references},
  author={Schmidt, Joachim and Hofemann, Nils and Haasch, Axel and Fritsch, Jannik and Sagerer, Gerhard},
  booktitle={Intelligent Robots and Systems, 2008. IROS 2008. IEEE/RSJ International Conference on},
  pages={3804--3809},
  year={2008},
  organization={IEEE}
}

@inproceedings{brooks2006working,
  title={Working with robots and objects: Revisiting deictic reference for achieving spatial common ground},
  author={Brooks, Andrew G and Breazeal, Cynthia},
  booktitle={Proceedings of the 1st ACM SIGCHI/SIGART conference on Human-robot interaction},
  pages={297--304},
  year={2006},
  organization={ACM}
}

@article{sisbot2007human,
  title={A human aware mobile robot motion planner},
  author={Sisbot, Emrah Akin and Marin-Urias, Luis F and Alami, Rachid and Simeon, Thierry},
  journal={Robotics, IEEE Transactions on},
  volume={23},
  number={5},
  pages={874--883},
  year={2007},
  publisher={IEEE}
}

@inproceedings{kirby2009companion,
  title={Companion: A constraint-optimizing method for person-acceptable navigation},
  author={Kirby, Rachel and Simmons, Reid and Forlizzi, Jodi},
  booktitle={Robot and Human Interactive Communication, 2009. RO-MAN 2009. The 18th IEEE International Symposium on},
  pages={607--612},
  year={2009},
  organization={IEEE}
}

@inproceedings{zender2007human,
  title={Human-and situation-aware people following},
  author={Zender, Hendrik and Jensfelt, Patric and Kruijff, Geert-Jan M},
  booktitle={Robot and Human interactive Communication, 2007. RO-MAN 2007. The 16th IEEE International Symposium on},
  pages={1131--1136},
  year={2007},
  organization={IEEE}
}

@inproceedings{pacchierotti2005human,
  title={Human-robot embodied interaction in hallway settings: a pilot user study},
  author={Pacchierotti, Elena and Christensen, Henrik I and Jensfelt, Patric},
  booktitle={Robot and Human Interactive Communication, 2005. ROMAN 2005. IEEE International Workshop on},
  pages={164--171},
  year={2005},
  organization={IEEE}
}

@inproceedings{lu2013towards,
  title={Towards more efficient navigation for robots and humans},
  author={Lu, David V and Smart, William D},
  booktitle={Intelligent Robots and Systems (IROS), 2013 IEEE/RSJ International Conference On},
  pages={1707--1713},
  year={2013},
  organization={IEEE}
}

@inproceedings{loper2009mobile,
  title={Mobile human-robot teaming with environmental tolerance},
  author={Loper, Matthew M and Koenig, Nathan P and Chernova, Sonia H and Jones, Chris V and Jenkins, Odest C},
  booktitle={Proceedings of the 4th ACM/IEEE international conference on Human robot interaction},
  pages={157--164},
  year={2009},
  organization={ACM}
}

@article{chung2011search,
  title={Search and pursuit-evasion in mobile robotics},
  author={Chung, Timothy H and Hollinger, Geoffrey A and Isler, Volkan},
  journal={Autonomous robots},
  volume={31},
  number={4},
  pages={299--316},
  year={2011},
  publisher={Springer}
}

@inproceedings{xavier2005fast,
  title={Fast line, arc/circle and leg detection from laser scan data in a player driver},
  author={Xavier, Jodo and Pacheco, Marquidia and Castro, Daniel and Ruano, Ant{\'o}nio and Nunes, Urbano},
  booktitle={Robotics and Automation, 2005. ICRA 2005. Proceedings of the 2005 IEEE International Conference on},
  pages={3930--3935},
  year={2005},
  organization={IEEE}
}

@article{neira2001data,
  title={Data association in stochastic mapping using the joint compatibility test},
  author={Neira, Jos{\'e} and Tard{\'o}s, Juan D},
  journal={Robotics and Automation, IEEE Transactions on},
  volume={17},
  number={6},
  pages={890--897},
  year={2001},
  publisher={IEEE}
}

@article{fox1997dynamic,
  title={The dynamic window approach to collision avoidance},
  author={Fox, Dieter and Burgard, Wolfram and Thrun, Sebastian},
  journal={IEEE Robotics \& Automation Magazine},
  volume={4},
  number={1},
  pages={23--33},
  year={1997}
}

@inproceedings{trevor2012interactive,
  title={Interactive map labeling for service robots},
  author={Trevor, Alexander JB and Cosgun, Akansel and Kumar, Jayasree and Christensen, Henrik I},
  booktitle={IROS Workshop on Active Semantic Perception},
  year={2012}
}

@inproceedings{trevor2013interactive,
  title={Interactive object modeling \& labeling for service robots},
  author={Trevor, Alexander JB and Rogers III, John G and Cosgun, Akansel and Christensen, Henrik I},
  booktitle={Proceedings of the 8th ACM/IEEE international conference on Human-robot interaction},
  pages={421--422},
  year={2013},
  organization={IEEE Press}
}

@inproceedings{cosgun2013autonomous,
  title={Autonomous person following for telepresence robots},
  author={Cosgun, Akansel and Florencio, Dinei A and Christensen, Henrik I},
  booktitle={Robotics and Automation (ICRA), 2013 IEEE International Conference on},
  pages={4335--4342},
  year={2013},
  organization={IEEE}
}

@inproceedings{cosgun2015did,
  title={Did You Mean This Object?: Detecting Ambiguity in Pointing Gesture Targets},
  author={Cosgun, Akansel and Trevor, Alexander JB and Christensen, Henrik I},
  booktitle={10th ACM/IEEE international conference on Human-Robot Interaction (HRI) workshop on Towards a Framework for Joint Action},
  year={2015},
  organization={IEEE Press}
}

@article{helbing1995social,
  title={Social force model for pedestrian dynamics},
  author={Helbing, Dirk and Molnar, Peter},
  journal={Physical review E},
  volume={51},
  number={5},
  pages={4282},
  year={1995},
  publisher={APS}
}

@book{kendon1990conducting,
  title={Conducting interaction: Patterns of behavior in focused encounters},
  author={Kendon, Adam},
  volume={7},
  year={1990},
  publisher={CUP Archive}
}

@inproceedings{van2011real,
  title={Real-time 3D hand gesture interaction with a robot for understanding directions from humans},
  author={Van den Bergh, Michael and Carton, Daniel and De Nijs, Roderick and Mitsou, Nikos and Landsiedel, Christian and Kuehnlenz, Kolja and Wollherr, Dirk and Van Gool, Luc and Buss, Martin},
  booktitle={RO-MAN, 2011 IEEE},
  pages={357--362},
  year={2011},
  organization={IEEE}
}

@article{kidokoro2015simulation,
  title={Simulation-Based Behavior Planning to Prevent Congestion of Pedestrians Around a Robot},
  author={Kidokoro, Hiroyuki and Kanda, Takayuki and Br{\v{s}}{\v{c}}i{\'c}, Dra{\v{z}}en and Shiomi, Masahiro},
  journal={IEEE Transactions on Robotics},
  volume={31},
  number={6},
  pages={1419--1431},
  year={2015},
  publisher={IEEE}
}

@article{trautman2015robot,
  title={Robot navigation in dense human crowds: Statistical models and experimental studies of human--robot cooperation},
  author={Trautman, Pete and Ma, Jeremy and Murray, Richard M and Krause, Andreas},
  journal={The International Journal of Robotics Research},
  volume={34},
  number={3},
  pages={335--356},
  year={2015},
  publisher={SAGE Publications}
}

@article{zanlungo2011social,
  title={Social force model with explicit collision prediction},
  author={Zanlungo, F and Ikeda, T and Kanda, T},
  journal={EPL (Europhysics Letters)},
  volume={93},
  number={6},
  pages={68005},
  year={2011},
  publisher={IOP Publishing}
}